@misc{whydiffeq,
title="Why are differential equations used for expressing the laws of physics?",
author="Shabnam Siddiqui",
year={2014},
eprint={1406.1112},
archivePrefix={arXiv},
primaryClass={physics.ed-ph}
}

@misc{Amazon,
author = "Gikfun",
title = {Amazon.com: Gikfun DS18B20 Temperature Sensor Waterproof Digital Thermal Probe Sensor for Arduino (Pack of 5pcs) EK1083: Computers \& Accessories},
month = {},
year = {2020},
note = {(Accessed on 06/25/2020)}
}

@misc{rpi_plan,
author = "Savitz, Joel",
title = {rpi\_plan/plan.pdf at master Â· underground-software/rpi\_plan},
howpublished = {\texttt{https://github.com/underground-software/rpi\_plan.git}},
month = {},
year = {2020},
note = {(Accessed on 06/25/2020)}
}

@misc{wiki,
author = "Wikipedia",
title = {Newton's law of cooling - Wikipedia},
howpublished = {\texttt{https://en.wikipedia.org/wiki/Newton\%27s\_law\_of\_cooling}},
month = {},
year = {2020},
note = {(Accessed on 06/25/2020)}
}
